%bibliografia 

1
@misc{paho2003,
	author       = {PAHO},
	title        = {Framework for a Regional Program for Control of Soil-Transmitted Helminth Infections and Schistosomiasis in the Americas},
	howpublished = {Santo Domingo, Dominican Republic. Disponible en: \url{https://www.paho.org/es/node/40385}},
	month        = {},
	year         = {2003},
	note         = {Pan American Health Organization, Technical reports},
	annote       = {}
}

2
@article{who2006preventive,
	title={Preventive chemotherapy in human helminthiasis. {C}oordinated use of anthelminthic drugs in control interventions: a manual for health professionals and programme managers},
	author={WHO},
	year={2006},
	journal={World Health Organization}
}

3
@article{who2012soil,
	title={Soil-transmitted helminthiases: {E}liminating as public health problem soil-transmitted helminthiases in children: progress report 2001-2010 and strategic plan 2011-2020},
	author={WHO},
	year={2012},
	journal={World Health Organization}
}


4
@article{pizzi2007geohelmintiosis,
	title={Geohelmintiosis en la Rep{\'u}blica Argentina},
	author={Pizzi, HL and Guarnera, EA and Taranto, N and Altcheh, J and Fern{\'a}ndez, G and Guti{\'e}rrez, N},
	journal={Programa Nacional de desparasitaci{\'o}n masiva. Ministerio de Salud de la Naci{\'o}n},
	pages={39--41},
	year={2007}
}

5
@article{strunz2014water,
	title={Water, sanitation, hygiene, and soil-transmitted helminth infection: a systematic review and meta-analysis},
	author={Strunz, EC and Addiss, DG and Stocks, ME and Ogden, S and Utzinger, J and Freeman, MC},
	journal={PLoS medicine},
	volume={11},
	number={3},
	pages={e1001620},
	year={2014},
	publisher={Public Library of Science San Francisco, USA}
}

6
@article{anderson1985community,
	title={Community control of helminth infections of man by mass and selective chemotherapy},
	author={Anderson, RM and Medley, GF},
	journal={Parasitology},
	volume={90},
	number={4},
	pages={629--660},
	year={1985},
	publisher={Cambridge University Press}
}


7
@book{anderson1992infectious,
	title={Infectious diseases of humans: dynamics and control},
	author={Anderson, RM and May, RM},
	year={1992},
	publisher={Oxford university press}
}


8
@article{anderson2014coverage,
	title={The coverage and frequency of mass drug administration required to eliminate persistent transmission of soil-transmitted helminths},
	author={Anderson, RM and Truscott, J and Hollingsworth, TD},
	journal={Philosophical Transactions of the Royal Society B: Biological Sciences},
	volume={369},
	number={1645},
	pages={20130435},
	year={2014},
	publisher={The Royal Society}
}


9
@article{truscott2014modeling,
	title={Modeling the interruption of the transmission of soil-transmitted helminths by repeated mass chemotherapy of school-age children},
	author={Truscott, J. and Hollingsworth, T. and Anderson, R.},
	journal={PLoS neglected tropical diseases},
	volume={8},
	number={12},
	pages={e3323},
	year={2014},
	publisher={Public Library of Science San Francisco, USA}
}


10
@article{truscott2016soil,
	title={Soil-transmitted helminths: mathematical models of transmission, the impact of mass drug administration and transmission elimination criteria},
	author={Truscott, JE and Turner, HC and Farrell, SH and Anderson, RM},
	journal={Advances in parasitology},
	volume={94},
	pages={133--198},
	year={2016},
	publisher={Elsevier}
}


11
@article{hall2000geographical,
	title={Geographical variation in Ascaris lumbricoides fecundity and its implications for helminth control},
	author={Hall, A and Holland, C},
	journal={Parasitology Today},
	volume={16},
	number={12},
	pages={540--544},
	year={2000},
	publisher={Elsevier}
}


12
@article{coffeng2018predicted,
	title={Predicted short and long-term impact of deworming and water, hygiene, and sanitation on transmission of soil-transmitted helminths},
	author={Coffeng, LE and Vaz Nery, S and Gray, DJ and Bakker, R and de Vlas, SJ and Clements, A},
	journal={PLoS neglected tropical diseases},
	volume={12},
	number={12},
	pages={e0006758},
	year={2018},
	publisher={Public Library of Science San Francisco, CA USA}
}

13
@article{croll1982population,
	title={The population biology and control of Ascaris lumbricoides in a rural community in Iran},
	author={Croll, NA and Anderson, RM and Gyorkos, TW and Ghadirian, E},
	journal={Transactions of the Royal Society of Tropical Medicine and Hygiene},
	volume={76},
	number={2},
	pages={187--197},
	year={1982},
	publisher={Elsevier}
}


14
@article{elkins1986epidemiology,
	title={The epidemiology and control of intestinal helminths in the Pulicat Lake region of Southern India. I. Study design and pre-and post-treatment observations on Ascaris lumbricoides infection},
	author={Elkins, DB and Haswell-Elkins, M and Anderson, RM},
	journal={Transactions of the Royal Society of Tropical Medicine and Hygiene},
	volume={80},
	number={5},
	pages={774--792},
	year={1986},
	publisher={Elsevier}
}


15
@article{hall1999distribution,
	title={The distribution of Ascaris lumbricoides in human hosts: a study of 1765 people in Bangladesh},
	author={Hall, A and Anwar, KS and Tomkins, A and Rahman, L},
	journal={Transactions of the Royal Society of Tropical Medicine and Hygiene},
	volume={93},
	number={5},
	pages={503--510},
	year={1999},
	publisher={Elsevier}
}

16
@article{holland1989epidemiology,
	title={The epidemiology of Ascaris lumbricoides and other soil-transmitted helminths in primary school children from Ile-Ife, Nigeria},
	author={Holland, CV and Asaolu, SO and Crompton, DWT and Stoddart, RC and Macdonald, R and Torimiro, SEA},
	journal={Parasitology},
	volume={99},
	number={2},
	pages={275--285},
	year={1989},
	publisher={Cambridge University Press}
}

17
@article{larsen1999seasonal,
	title={Seasonal variation in development and survival of Ascaris suum and Trichuris suis eggs on pastures},
	author={Larsen, MN and Roepstorff, A},
	journal={Parasitology},
	volume={119},
	number={2},
	pages={209--220},
	year={1999},
	publisher={Cambridge University Press}
}

18
@article{seo1979frequency,
	title={Frequency distribution of Ascaris lumbricoides in rural Koreans with special reference on the effect of changing endemicity},
	author={Seo, BS and Cho, SY and Chai, JY},
	journal={Korean J Parasitol},
	volume={17},
	number={2},
	pages={105--113},
	year={1979}
}


19
@article{anderson2013effective,
	title={How Effective Is School-Based Deworming for the Community-Wide Control of Soil-Transmitted Helminths?},
	author={Anderson, RM AND Truscott, JE  AND Pullan, RL AND Brooker, SJ AND Hollingsworth, TD},
	journal={PLOS Neglected Tropical Diseases},
	volume={7},
	number={2},
	pages={1-15},
	year={2013},
	publisher={Public Library of Science},
}

20
@article{nery2017wash,
	title={WASH for WORMS: end-point results from a cluster randomized controlled trial of the impact of a community-based integrated wash and deworming program on soil-transmitted helminth infections},
	author={Nery, SV and McCarthy, JS and Traub, R and Weking, E and Gray, D and Andrews, R and Vallely, A and Williams, G and Clements, A},
	journal={American Journal of Tropical Medicine and Hygiene},
	volume={95},
	number={Suppl. 5},
	pages={213--213},
	year={2017},
	publisher={American Society of Tropical Medicine and Hygiene}
}

21
@article{levecke2014assessment,
	title={Assessment of anthelmintic efficacy of mebendazole in school children in six countries where soil-transmitted helminths are endemic},
	author={Levecke, B and Montresor, A and Albonico, M and Ame, SM and Behnke, JM and Bethony, JM and Noumedem, CD and Engels, D and Guillard, B and Kotze, AC and others},
	journal={PLoS Negl Trop Dis},
	volume={8},
	number={10},
	pages={e3204},
	year={2014},
	publisher={Public Library of Science}
}

22
@article{vercruysse2011assessment,
	title={Assessment of the anthelmintic efficacy of albendazole in school children in seven countries where soil-transmitted helminths are endemic},
	author={Vercruysse, J and Behnke, JM and Albonico, M and Ame, SM and Angebault, C and Bethony, JM and Engels, D and Guillard, B and Hoa, N and Kang, G and others},
	journal={PLoS neglected tropical diseases},
	volume={5},
	number={3},
	pages={e948},
	year={2011},
	publisher={Public Library of Science}
}

23
@article{hotez2006helminth,
	title={Helminth infections: soil-transmitted helminth infections and schistosomiasis},
	author={Hotez, PJ and Bundy, DAP and Beegle, K and Brooker, S and Drake, L and de Silva, N and Montresor, A and Engels, D and Jukes, M and Chitsulo, L and others},
	journal={Disease Control Priorities in Developing Countries. 2nd edition},
	year={2006},
	publisher={The International Bank for Reconstruction and Development/The World Bank}
}

24
@article{seo1979egg,
	title={Egg discharging patterns of Ascaris lumbricoides in low worm burden cases},
	author={Seo, Byong Seol and Cho, Seung Yull and Chai, Jong Yil},
	journal={The Korean Journal of Parasitology},
	volume={17},
	number={2},
	pages={98--104},
	year={1979},
	publisher={The Korean Society for Parasitology and Tropical Medicine}
}





================================================FIN==================================================================










